/Users/Simon/Daten/Studium/Sputnik.bib